<?xml version="1.0" encoding="UTF-8"?><record xmlns="http://www.loc.gov/MARC21/slim" xmlns:cinclude="http://apache.org/cocoon/include/1.0" xmlns:zs="http://www.loc.gov/zing/srw/">
  <leader>00561cz  a2200145n  4500</leader>
  <controlfield tag="001">n  87873813 </controlfield>
  <controlfield tag="003">DLC</controlfield>
  <controlfield tag="005">19920720124431.3</controlfield>
  <controlfield tag="008">890109n| acannaab|          |a ana |||  </controlfield>
  <datafield tag="010" ind1=" " ind2=" ">
    <subfield code="a">n  87873813 </subfield>
    <subfield code="z">n  92028941 </subfield>
  </datafield>
  <datafield tag="040" ind1=" " ind2=" ">
    <subfield code="a">DLC</subfield>
    <subfield code="c">DLC</subfield>
    <subfield code="d">DLC</subfield>
  </datafield>
  <datafield tag="110" ind1="2" ind2="0">
    <subfield code="a">Catholic Church.</subfield>
    <subfield code="b">Diocese of Marsabit (Kenya)</subfield>
  </datafield>
  <datafield tag="410" ind1="1" ind2="0">
    <subfield code="a">Marsabit (Kenya : Diocese : Catholic Church)</subfield>
  </datafield>
  <datafield tag="670" ind1=" " ind2=" ">
    <subfield code="a">Its Pastoral Conference (1987 : Nyeri, Kenya). The church we want to be, c1988:</subfield>
    <subfield code="b">t.p. (Marsabit Diocesan Pastoral Conference)</subfield>
  </datafield>
  <datafield tag="670" ind1=" " ind2=" ">
    <subfield code="a">Ann. pont., 1988</subfield>
    <subfield code="b">(under Arcidiocesi e diocesi: Marsabit)</subfield>
  </datafield>
</record>